<?xml version="1.0" encoding="UTF-8"?><collection xmlns="http://www.loc.gov/MARC21/slim"><record><leader>00363nam--2200133-i-4500</leader><controlfield tag="001">000009532</controlfield><controlfield tag="002">20161230</controlfield><controlfield tag="005">20161230201028</controlfield><controlfield tag="008">060222s1000------------r-----000-0-eng-d</controlfield><datafield ind1=" " ind2=" " tag="245"><subfield code="a">Microwave filters and circuits. contributions from japan</subfield></datafield><datafield ind1=" " ind2=" " tag="260"><subfield code="a">New York, Academic Press, 1970-</subfield></datafield><datafield ind1=" " ind2=" " tag="490"><subfield code="a">Advances In Microwaves</subfield></datafield><datafield ind1=" " ind2=" " tag="700"><subfield code="a">Matsumoto, Akio</subfield></datafield><datafield ind1=" " ind2=" " tag="852"><subfield code="a">27334</subfield></datafield></record></collection>